<collection xmlns="http://www.loc.gov/MARC21/slim">
<record>
  <leader>01634nam0a2200337 i 450 </leader>
  <controlfield tag="001">IT\ICCU\CNCE\014408</controlfield>
  <controlfield tag="005">19990908000000.0</controlfield>
  <datafield tag="012" ind1=" " ind2=" ">
    <subfield code="a">o.do a.re o.ro QuFu (C) 1597 (A)</subfield>
    <subfield code="2">fei</subfield>
  </datafield>
  <datafield tag="100" ind1=" " ind2=" ">
    <subfield code="a">19970101d1597        0itac0103    ba</subfield>
  </datafield>
  <datafield tag="101" ind1=" " ind2=" ">
    <subfield code="a">ITA</subfield>
  </datafield>
  <datafield tag="102" ind1=" " ind2=" ">
    <subfield code="a">IT</subfield>
  </datafield>
  <datafield tag="200" ind1="1" ind2=" ">
    <subfield code="a">Sotterranea confusione ouer tragedia sopra la morte di Sinam Bass.̉ Di Giulio Cesare Croce</subfield>
  </datafield>
  <datafield tag="210" ind1=" " ind2=" ">
    <subfield code="a">In Ferrara &amp; poi in Cremona</subfield>
    <subfield code="c">per Barucino de&apos; Giouanni</subfield>
    <subfield code="d">1597</subfield>
  </datafield>
  <datafield tag="215" ind1=" " ind2=" ">
    <subfield code="a">\15! c.</subfield>
    <subfield code="d">8ʻ</subfield>
  </datafield>
  <datafield tag="620" ind1=" " ind2=" ">
    <subfield code="a">IT</subfield>
    <subfield code="d">Cremona</subfield>
  </datafield>
  <datafield tag="700" ind1=" " ind2="1">
    <subfield code="a">Croce,</subfield>
    <subfield code="b">Giulio Cesare</subfield>
    <subfield code="3">IT\ICCU\CNCA\003591</subfield>
  </datafield>
  <datafield tag="712" ind1="0" ind2="0">
    <subfield code="a">Zanni, Barucino</subfield>
    <subfield code="3">IT\ICCU\CNCT\000799</subfield>
    <subfield code="4">650</subfield>
  </datafield>
  <datafield tag="790" ind1=" " ind2="0">
    <subfield code="a">Academico frusto</subfield>
    <subfield code="3">IT\ICCU\CNCA\012334</subfield>
    <subfield code="z">Croce, Giulio Cesare</subfield>
  </datafield>
  <datafield tag="790" ind1=" " ind2="0">
    <subfield code="a">℗Il ℗Capriccioso Accademico Bizzarro</subfield>
    <subfield code="3">IT\ICCU\CNCA\013152</subfield>
    <subfield code="z">Croce, Giulio Cesare</subfield>
  </datafield>
  <datafield tag="790" ind1=" " ind2="1">
    <subfield code="a">Della_Croce,</subfield>
    <subfield code="b">Giulio Cesare</subfield>
    <subfield code="3">IT\ICCU\CNCA\015199</subfield>
    <subfield code="z">Croce, Giulio Cesare</subfield>
  </datafield>
  <datafield tag="790" ind1=" " ind2="1">
    <subfield code="a">Dalla_Croce,</subfield>
    <subfield code="b">Giulio Cesare</subfield>
    <subfield code="3">IT\ICCU\CNCA\015200</subfield>
    <subfield code="z">Croce, Giulio Cesare</subfield>
  </datafield>
  <datafield tag="790" ind1=" " ind2="1">
    <subfield code="a">Della_Lira,</subfield>
    <subfield code="b">Giulio</subfield>
    <subfield code="3">IT\ICCU\CNCA\015202</subfield>
    <subfield code="z">Croce, Giulio Cesare</subfield>
  </datafield>
  <datafield tag="790" ind1=" " ind2="1">
    <subfield code="a">Salcizza,</subfield>
    <subfield code="b">Zan</subfield>
    <subfield code="3">IT\ICCU\CNCA\017811</subfield>
    <subfield code="z">Croce, Giulio Cesare</subfield>
  </datafield>
  <datafield tag="791" ind1="0" ind2="2">
    <subfield code="a">Barucino di Giovanni</subfield>
    <subfield code="3">IT\ICCU\CNCT\002710</subfield>
    <subfield code="z">Zanni, Barucino</subfield>
  </datafield>
  <datafield tag="791" ind1="0" ind2="0">
    <subfield code="a">Giovanni, Barucino di</subfield>
    <subfield code="3">IT\ICCU\CNCT\002719</subfield>
    <subfield code="z">Zanni, Barucino</subfield>
  </datafield>
  <datafield tag="791" ind1="0" ind2="0">
    <subfield code="a">Zannius, Barucinus</subfield>
    <subfield code="3">IT\ICCU\CNCT\005811</subfield>
    <subfield code="z">Zanni, Barucino</subfield>
  </datafield>
  <datafield tag="791" ind1="0" ind2="0">
    <subfield code="a">Giovannis, Barucinus de</subfield>
    <subfield code="3">IT\ICCU\CNCT\005812</subfield>
    <subfield code="z">Zanni, Barucino</subfield>
  </datafield>
  <datafield tag="791" ind1="0" ind2="0">
    <subfield code="a">Zannis, Barucinus de</subfield>
    <subfield code="3">IT\ICCU\CNCT\005813</subfield>
    <subfield code="z">Zanni, Barucino</subfield>
  </datafield>
  <datafield tag="791" ind1="0" ind2="0">
    <subfield code="a">Zani, Barucino di</subfield>
    <subfield code="3">IT\ICCU\CNCT\005814</subfield>
    <subfield code="z">Zanni, Barucino</subfield>
  </datafield>
  <datafield tag="801" ind1=" " ind2="3">
    <subfield code="a">IT</subfield>
    <subfield code="b">ICCU</subfield>
    <subfield code="c">20201114</subfield>
  </datafield>
  <datafield tag="899" ind1=" " ind2=" ">
    <subfield code="a">Biblioteca Palatina. Parma</subfield>
    <subfield code="1">PR0072</subfield>
    <subfield code="2">PAR PA</subfield>
  </datafield>
</record>
</collection>
